 @Article{kettner-1999,
  title = "Using generic programming for designing a data structure for polyhedral surfaces",
  journal = "Computational Geometry",
  volume = "13",
  number = "1",
  pages = "65 - 90",
  year = "1999",
  issn = "0925-7721",
  doi = "10.1016/S0925-7721(99)00007-3",
  author = "Lutz Kettner",
  keywords = "Library design, Generic programming, Combinatorial data structure, Polyhedral surface, Halfedge data structure"
 }

@Article{hart-1968,
	author={Hart, Peter E. and Nilsson, Nils J. and Raphael, Bertram},
	journal={IEEE Transactions on Systems Science and Cybernetics}, 
	title={A Formal Basis for the Heuristic Determination of Minimum Cost Paths}, 
	year={1968},
	volume={4},
	number={2},
	pages={100-107},
	doi={10.1109/TSSC.1968.300136}
}

@Article{edelsbrunner-1986,
 author="Edelsbrunner, Herbert
 and Seidel, Raimund",
 title="{V}oronoi diagrams and arrangements",
 journal="Discrete {\&} Computational Geometry",
 year="1986",
 month="Mar",
 day="01",
 volume="1",
 number="1",
 pages="25--44",
 abstract="We propose a uniform and general framework for defining and dealing with Voronoi diagrams. In this framework a Voronoi diagram is a partition of a domainD induced by a finite number of real valued functions onD. Valuable insight can be gained when one considers how these real valued functions partitionD {\texttimes}R. With this view it turns out that the standard Euclidean Voronoi diagram of point sets inR                  d                 along with its order-k generalizations are intimately related to certain arrangements of hyperplanes. This fact can be used to obtain new Voronoi diagram algorithms. We also discuss how the formalism of arrangements can be used to solve certain intersection and union problems.",
 issn="1432-0444",
 doi="10.1007/BF02187681",
}

@article{sibson-1978,
 author = {Sibson, R.},
 title = {Locally equiangular triangulations},
 journal = {The Computer Journal},
 volume = {21},
 number = {3},
 pages = {243-245},
 year = {1978},
 doi = {10.1093/comjnl/21.3.243},
}

@INPROCEEDINGS{ostrovsky-2006,
 author={R. Ostrovsky and Y. Rabani and L. J. Schulman and C. Swamy},
 booktitle={2006 47th Annual IEEE Symposium on Foundations of Computer Science (FOCS'06)},
 title={The Effectiveness of Lloyd-Type Methods for the k-Means Problem},
 year={2006},
 volume={},
 number={},
 pages={165-176},
 doi={10.1109/FOCS.2006.75},
 ISSN={0272-5428},
 month={Oct},
}


@article{devillers-1992,
 author = {Devillers, Oliver},
 title = {Randomization yields simple O(n log(n)) algorithms for difficult Omega(n) problems},
 journal = {International Journal of Computational Geometry {\&} Applications},
 volume = {02},
 number = {01},
 pages = {97-111},
 year = {1992},
 doi = {10.1142/S021819599200007X},
}

@book{okabe-1992,
 author = {Okabe, Atsuyuki and Boots, Barry and Sugihara, Kokichi},
 title = {Spatial Tessellations: Concepts and Applications of {V}oronoi Diagrams},
 year = {1992},
 isbn = {0-471-93430-5},
 publisher = {John Wiley \& Sons, Inc.},
 address = {New York, NY, USA},
}

@article{azevedo-1989,
 author = {D'Azevedo, E. F. and Simpson, R. B.},
 title = {On Optimal Interpolation Triangle Incidences},
 journal = {SIAM J. Sci. Stat. Comput.},
 issue_date = {Nov. 1989},
 volume = {10},
 number = {6},
 month = nov,
 year = {1989},
 issn = {0196-5204},
 pages = {1063--1075},
 numpages = {13},
 doi = {10.1137/0910064},
 acmid = {75786},
 publisher = {Society for Industrial and Applied Mathematics},
 address = {Philadelphia, PA, USA},
}

@article{rippa-1990,
 title = "Minimal roughness property of the {D}elaunay triangulation",
 journal = "Computer Aided Geometric Design",
 volume = "7",
 number = "6",
 pages = "489 - 497",
 year = "1990",
 issn = "0167-8396",
 doi = "10.1016/0167-8396(90)90011-F",
 author = "Samuel Rippa",
 keywords = "Triangulations, Delaunay triangulation."
}

@article{chen-2004,
 author = {Long Chen and Jinchao Xu},
 journal = {Journal of Computational Mathematics},
 pages = {299-308},
 title = {Optimal {Delaunay} triangulations},
 volume = {22(2)},
 year = {2004},
}

@inproceedings{fortune-1986,
 author = {Fortune, S},
 title = {A Sweepline Algorithm for {V}oronoi Diagrams},
 booktitle = {Proceedings of the Second Annual Symposium on Computational Geometry},
 series = {SCG '86},
 year = {1986},
 isbn = {0-89791-194-6},
 location = {Yorktown Heights, New York, USA},
 pages = {313--322},
 numpages = {10},
 doi = {10.1145/10515.10549},
 acmid = {10549},
 publisher = {ACM},
 address = {New York, NY, USA},
}

@inproceedings{skyum-1992,
 title = "A Sweepline Algorithm for Generalized {D}elaunay Triangulations and a Simple Method for Nearest-Neighbour Search",
 author = "Sven Skyum",
 year = "1992",
 language = "English",
 booktitle = "Proceedings of the Workshop on Computational Geometry",
 publisher = "Universiteit Utrecht",
}

@inproceedings{shewchuk-2000,
 author = {Shewchuk, Jonathan Richard},
 title = {Sweep Algorithms for Constructing Higher-dimensional Constrained {D}elaunay Triangulations},
 booktitle = {Proceedings of the Sixteenth Annual Symposium on Computational Geometry},
 series = {SCG '00},
 year = {2000},
 isbn = {1-58113-224-7},
 location = {Clear Water Bay, Kowloon, Hong Kong},
 pages = {350--359},
 numpages = {10},
 doi = {10.1145/336154.336222},
 acmid = {336222},
 publisher = {ACM},
 address = {New York, NY, USA},
}

@article{brown-1979,
 title = "{V}oronoi diagrams from convex hulls",
 journal = "Information Processing Letters",
 volume = "9",
 number = "5",
 pages = "223 - 228",
 year = "1979",
 issn = "0020-0190",
 doi = "10.1016/0020-0190(79)90074-7",
 author = "Kevin Q. Brown",
 keywords = "Analysis of algorithms, computational complexity, computational geometry"
}

@techreport{seidel-1981,
 author = {Seidel, Raimund},
 title = {A Convex Hull Algorithm Optimal for Point Sets in Even Dimensions},
 year = {1981},
 institution = {{U}niversity of {B}ritish {C}olumbia},
 address = {Vancouver, BC, Canada, Canada},
}

@article{joe-1989,
 author = {Joe, B.},
 title = {Three-Dimensional Triangulations from Local Transformations},
 journal = {SIAM Journal on Scientific and Statistical Computing},
 volume = {10},
 number = {4},
 pages = {718-741},
 year = {1989},
 doi = {10.1137/0910044},
}

@inproceedings{seidel-1986,
 author = {Seidel, R},
 title = {Constructing Higher-dimensional Convex Hulls at Logarithmic Cost Per Face},
 booktitle = {Proceedings of the Eighteenth Annual ACM Symposium on Theory of Computing},
 series = {STOC '86},
 year = {1986},
 isbn = {0-89791-193-8},
 location = {Berkeley, California, USA},
 pages = {404--413},
 numpages = {10},
 doi = {10.1145/12130.12172},
 acmid = {12172},
 publisher = {ACM},
 address = {New York, NY, USA},
}

@Article{chazelle-1993,
 author="Chazelle, Bernard",
 title="An optimal convex hull algorithm in any fixed dimension",
 journal="Discrete {\&} Computational Geometry",
 year="1993",
 month="Dec",
 day="01",
 volume="10",
 number="4",
 pages="377--409",
 issn="1432-0444",
 doi="10.1007/BF02573985",
}

@book{skiena-2008,
 author = {Skiena, Steven S.},
 title = {The Algorithm Design Manual},
 year = {2008},
 isbn = {1848000693, 9781848000698},
 edition = {2nd},
 publisher = {Springer Publishing Company, Incorporated},
}

@INPROCEEDINGS{shamos-1975,
 author={M. I. Shamos and D. Hoey},
 booktitle={16th Annual Symposium on Foundations of Computer Science (sfcs 1975)},
 title={Closest-point problems},
 year={1975},
 volume={},
 number={},
 pages={151-162},
 doi={10.1109/SFCS.1975.8},
 ISSN={0272-5428},
 month={Oct},
}

@Article{lee-1980,
 author="Lee, D. T.
 and Schachter, B. J.",
 title="Two algorithms for constructing a {D}elaunay triangulation",
 journal="International Journal of Computer {\&} Information Sciences",
 year="1980",
 month="Jun",
 day="01",
 volume="9",
 number="3",
 pages="219--242",
 issn="1573-7640",
 doi="10.1007/BF00977785",
}

@article{guibas-1985,
 author = {Guibas, Leonidas and Stolfi, Jorge},
 title = {Primitives for the Manipulation of General Subdivisions and the Computation of {V}oronoi},
 journal = {ACM Trans. Graph.},
 issue_date = {April 1985},
 volume = {4},
 number = {2},
 month = apr,
 year = {1985},
 issn = {0730-0301},
 pages = {74--123},
 numpages = {50},
 doi = {10.1145/282918.282923},
 acmid = {282923},
 publisher = {ACM},
 address = {New York, NY, USA},
}

@article{boissonnat-1993,
 title = "On the randomized construction of the {D}elaunay tree",
 journal = "Theoretical Computer Science",
 volume = "112",
 number = "2",
 pages = "339 - 354",
 year = "1993",
 issn = "0304-3975",
 doi = "10.1016/0304-3975(93)90024-N",
 author = "Jean-Daniel Boissonnat and Monique Teillaud"
}

@article{lipton-1980,
 author = {Lipton, R. and Tarjan, R.},
 title = {Applications of a Planar Separator Theorem},
 journal = {SIAM Journal on Computing},
 volume = {9},
 number = {3},
 pages = {615-627},
 year = {1980},
 doi = {10.1137/0209046},
}

@Article{shewchuk-2004,
 author="Shewchuk, Jonathan Richard",
 title="Stabbing {D}elaunay Tetrahedralizations",
 journal="Discrete {\&} Computational Geometry",
 year="2004",
 month="Sep",
 day="01",
 volume="32",
 number="3",
 pages="339--343",
 issn="1432-0444",
 doi="10.1007/s00454-004-1095-5",
}

@article{muecke-1999,
 title = "Fast randomized point location without preprocessing in two- and three-dimensional {D}elaunay triangulations",
 journal = "Computational Geometry",
 volume = "12",
 number = "1",
 pages = "63 - 83",
 year = "1999",
 issn = "0925-7721",
 doi = "10.1016/S0925-7721(98)00035-2",
 author = "Ernst P. Mücke and Isaac Saias and Binhai Zhu",
}

